@online{fb-enginering-backtonative,
	author = {Dann, Jonathan},
	organization = {Facebook},
	title = {Under the hood: Rebuilding Facebook for iOS},
	date = {2012-08-23},
	urldate = {2015-05-19},
	url = {https://www.facebook.com/notes/facebook-engineering/under-the-hood-rebuilding-facebook-for-ios/10151036091753920}
}

@online{li-engineering-backtonative,
	author = {O'Dell, J.},
	organization = {LinkedIn},
	title = {Why LinkedIn dumped HTML5 and went native for its mobile apps},
	date = {2013-04-17},
	urldate = {2015-05-19},
	url = {http://venturebeat.com/2013/04/17/linkedin-mobile-web-breakup/}
}

@online{mobilewebslow,
	author = {Crawford, Drew},
	title = {Why mobile web apps are slow},
	date = {2013-07-09},
	urldate = {2015-05-19},
	url = {http://sealedabstract.com/rants/why-mobile-web-apps-are-slow/}
}

@online{cordova,
	author = {{The Apache Software Foundation}},
	title = {Cordova},
	urldate = {2015-05-19},
	url = {http://cordova.apache.org/docs/en/4.0.0/guide_overview_index.md.html#Overview}
}

@online{cordova-android,
	author = {{The Apache Software Foundation}},
	title = {Android Platform Guide},
	urldate = {2015-05-19},
	url = {http://cordova.apache.org/docs/en/4.0.0/guide_platforms_android_index.md.html#Android%20Platform%20Guide}
}

@online{cordova-ios,
	author = {{The Apache Software Foundation}},
	title = {iOS Platform Guide},
	urldate = {2015-05-19},
	url = {http://cordova.apache.org/docs/en/4.0.0/guide_platforms_ios_index.md.html#iOS%20Platform%20Guide}
}

@online{angularjs,
	author = {{Google}},
	title = {What Is Angular?},
	urldate = {2015-05-19},
	url = {https://docs.angularjs.org/guide/introduction}
}

@online{ionic,
	author = {{Drifty}},
	title = {Ionic Documentation Overview},
	urldate = {2015-05-19},
	url = {http://ionicframework.com/docs/overview/}
}

%[0.6] https://developer.android.com/about/dashboards/index.html
@online{android-plattform-verteilung,
	author = {{Google}},
	title = {Android Plattform Versionsverteilung},
	urldate = {2015-05-19},
	url = {https://developer.android.com/about/dashboards/index.html#Platform}
}

%[0.5] https://developer.android.com/guide/webapps/migrating.html
@online{android-migrating-webview,
	author = {{Google}},
	title = {Migrating to WebView in Android 4.4},
	urldate = {2015-05-19},
	url = {https://developer.android.com/guide/webapps/migrating.html}
}

%[0.9] https://developer.chrome.com/multidevice/webview/overview
@online{android-webview,
	author = {{Google}},
	title = {WebView for Android},
	urldate = {2015-05-19},
	url = {https://developer.chrome.com/multidevice/webview/overview}
}

%[0.9.1] http://www.chromium.org/Home
@online{chromium,
	author = {{Google}},
	title = {The Chromium Projects},
	urldate = {2015-05-19},
	url = {http://www.chromium.org/Home}
}

%[0.9.2] https://developer.android.com/reference/android/webkit/WebView.html
@online{android-webview-component,
	author = {{Google}},
	title = {Class WebView},
	urldate = {2015-05-19},
	url = {https://developer.android.com/reference/android/webkit/WebView.html}
}

%[0.7] https://www.timroes.de/2013/11/23/old-webview-vs-chromium-webview/
@online{android-webview-benchmark,
	author = {Roes, Tim},
	date = {2013-11-23},
	title = {Old WebView vs. Chromium backed WebView Benchmark},
	urldate = {2015-05-19},
	url = {https://www.timroes.de/2013/11/23/old-webview-vs-chromium-webview/}
}

%[0.8] https://crosswalk-project.org/documentation/about/faq.html
@online{crosswalk,
	author = {{Intel Open Source Technology Center}},
	title = {Frequently-asked questions},
	urldate = {2015-05-19},
	url = {https://crosswalk-project.org/documentation/about/faq.html}
}

@BOOK{Smith2001,
	AUTHOR = {Smith, Connie AND Williams, Lloyd G. AND Williams, Lloyd},
	YEAR = {2001},
	TITLE = {Performance Solutions - A Practical Guide to Creating Responsive, Scalable Software},
	EDITION = {Revised 2003.},
	ISBN = {978-0-201-72229-1},
	PUBLISHER = {Addison-Wesley},
	ADDRESS = {Amsterdam},
}

%[2]:https://www.codecentric.de/kompetenzen/publikationen/performance-analyse-und-optimierung-in-der-softwareentwicklung/
@online{cc-performance,
	author = {Mirko Novakovic {and} Robert Spielmann {and} Tobias Knierim},
	organization = {codecentric AG},
	title = {PERFORMANCE ANALYSE UND OPTIMIERUNG IN DER SOFTWAREENTWICKLUNG},
	urldate = {2015-05-19},
	date = {2007-04-01},
	url = {https://www.codecentric.de/kompetenzen/publikationen/performance-analyse-und-optimierung-in-der-softwareentwicklung/}
}

%[10] http://www.w3.org/DOM/DOMTR
@online{DOMTR,
	author = {{W3C}},
	title = {Document Object Model (DOM) Technical Reports},
	urldate = {2015-05-19},
	url = {http://www.w3.org/DOM/DOMTR}
}

%[11] https://html.spec.whatwg.org/multipage/syntax.html#parsing
@online{HTML-Parsing,
	author = {{WhatWG}},
	title = {HTML Living Standard - Parsing HTML documents},
	date = {2015-03-14},
	urldate = {2015-05-19},
	url = {https://html.spec.whatwg.org/multipage/syntax.html#parsing}
}

%[12] http://www.chromium.org/blink
@online{Blink,
	author = {{Google}},
	title = {Blink},
	urldate = {2015-05-19},
	url = {http://www.chromium.org/blink}
}

%[13] http://www.webkit.org/
@online{WebKit,
	author = {{Apple Inc}},
	title = {WebKit},
	urldate = {2015-05-19},
	url = {http://www.webkit.org/}
}

%http://www.html5rocks.com/en/tutorials/internals/howbrowserswork/layers.png
@online{hbw-layers,
	author = {{Tali Garsiel, Paul Irish}},
	title = {Browser Layers},
	date = {2011-08-05},
	urldate = {2015-05-19},
	url = {http://www.html5rocks.com/en/tutorials/internals/howbrowserswork/layers.png}
}

%http://www.html5rocks.com/en/tutorials/internals/howbrowserswork/flow.png
@online{hbw-flow,
	author = {{Tali Garsiel, Paul Irish}},
	title = {Browser-Engine Flow},
	urldate = {2015-05-19},
	date = {2011-08-05},
	url = {http://www.html5rocks.com/en/tutorials/internals/howbrowserswork/flow.png}
}

%[3] http://www.html5rocks.com/en/tutorials/internals/howbrowserswork/
@online{hbw,
	author = {{Tali Garsiel, Paul Irish}},
	title = {How Browsers Work: Behind the scenes of modern web browsers},
	urldate = {2015-05-19},
	date = {2011-08-05},
	url = {http://www.html5rocks.com/en/tutorials/internals/howbrowserswork/}
}

%[4] https://developers.google.com/web/fundamentals/performance/critical-rendering-path/render-tree-construction?hl=de
@online{g-rendertree,
	author = {{Google}},
	title = {Erstellung der Rendering-Baumstruktur, Layout, und Paint},
	urldate = {2015-05-19},
	url = {https://developers.google.com/web/fundamentals/performance/critical-rendering-path/render-tree-construction?hl=de}
}

%[5] http://www.stevesouders.com/blog/2008/03/20/roundup-on-parallel-connections/
@online{ss-parallelconnections,
	author = {Souders, Steve},
	title = {Roundup on Parallel Connections},
	urldate = {2015-05-19},
	date = {2008-03-20},
	url = {http://www.stevesouders.com/blog/2008/03/20/roundup-on-parallel-connections/}
}

%[15] = [3]

%[16] = [4]

%[17] http://www.johnpapa.net/pageinspa/
@online{jp-spm,
	author = {Papa, John},
	title = {SPA and the Single Page Myth},
	urldate = {2015-05-19},
	date = {2013-11-30},
	url = {http://www.johnpapa.net/pageinspa/}
}

%[18] https://developers.google.com/speed/articles/reflow
@online{dg-reflow,
	author = {{Lindsey Simon, UX Developer}},
	title = {Minimizing browser reflow},
	urldate = {2015-05-19},
	date = {2014-08-28},
	url = {https://developers.google.com/speed/articles/reflow}
}

@BOOK{Zakas2010,
	AUTHOR = {Zakas, Nicholas C.},
	YEAR = {2010},
	TITLE = {High Performance JavaScript},
	ISBN = {978-1-449-38874-4},
	PUBLISHER = {"O'Reilly Media, Inc."},
	ADDRESS = {Sebastopol},
}

%http://www.w3.org/DOM/
@online{W3C-DOM,
	author = {{W3C}},
	title = {Document Object Model (DOM)},
	urldate = {2015-05-19},
	date = {2005-01-19},
	url = {http://www.w3.org/DOM/}
}

%http://dev.w3.org/csswg/cssom/
@online{W3C-CSSOM,
	author = {{W3C}},
	title = {CSS Object Model (CSSOM)},
	urldate = {2015-05-19},
	date = {2015-02-20},
	url = {http://dev.w3.org/csswg/cssom/}
}

%http://www.w3.org/TR/XMLHttpRequest/
@online{W3C-XHR,
	author = {{W3C}},
	title = {XMLHttpRequest Level 1},
	urldate = {2015-05-19},
	date = {2014-01-30},
	url = {http://www.w3.org/TR/XMLHttpRequest/}
}

%[19] http://javascript.info/tutorial/memory-leaks
@online{JSMemoryLeaks1,
	author = {Kantor, Ilya},
	title = {Memory leaks},
	urldate = {2015-05-19},
	url = {http://javascript.info/tutorial/memory-leaks}
}

%[20] http://www.ibm.com/developerworks/library/wa-jsmemory/
@online{JSMemoryLeaks2,
	author = {Ben, Dolmar},
	organization = {IBM},
	title = {Understand memory leaks in JavaScript applications},
	urldate = {2015-05-19},
	date = {2012-11-06},
	url = {http://www.ibm.com/developerworks/library/wa-jsmemory/}
}

%[21] http://zentrum.virtuos.uni-osnabrueck.de/wikifarm/fields/webtech11/index.php?n=Themen.Javascript
@BOOK{Flanagan2011,
	AUTHOR = {Flanagan, David},
	YEAR = {2011},
	TITLE = {JavaScript - The Definitive Guide},
	EDITION = {6. Aufl.},
	ISBN = {978-0-596-80552-4},
	PUBLISHER = {"O'Reilly Media, Inc."},
	ADDRESS = {Sebastopol},
}

%[22] http://www.smashingmagazine.com/2013/06/10/pinterest-paint-performance-case-study/
@online{PinterestPaintPerformance,
	author = {Osmani, Addy},
	organization = {Pinterest},
	title = {Gone In 60 Frames Per Second: A Pinterest Paint Performance Case Study},
	urldate = {2015-05-19},
	date = {2013-06-10},
	url = {http://www.smashingmagazine.com/2013/06/10/pinterest-paint-performance-case-study/}
}

%[22.1] http://matheguru.com/stochastik/264-t-verteilung-students-t-verteilung.html
@BOOK{Papula2001,
	AUTHOR = {Papula, Lothar},
	YEAR = {2001},
	TITLE = {Mathematik f√ºr ingenieure und naturwissenschaftler - },
	EDITION = {4. Aufl.},
	ISBN = {978-3-528-34937-0},
	PUBLISHER = {Vieweg},
	ADDRESS = {Wiesbaden},
}

%[22.2] https://github.com/bestiejs/benchmark.js/blob/2c1d5d4cda2e58fc29da1293e8d6cb92d453983d/benchmark.js#L2837
@online{BenchmarkJSQuelltext,
	title = {BenchmarkJS Quelltext},
	urldate = {2015-05-19},
	url = {https://github.com/bestiejs/benchmark.js/blob/2c1d5d4cda2e58fc29da1293e8d6cb92d453983d/benchmark.js#L2837}
}

%[22.3] http://spiff.rit.edu/classes/phys273/uncert/uncert.html
@online{UncertaintyCalculations,
	author = {Richmond, Prof. Michael},
	organization = {Rochester Institute of Technology},
	title = {Examples of Uncertainty calculations},
	urldate = {2015-05-19},
	date = {2003-07-17},
	url = {http://www.smashingmagazine.com/2013/06/10/pinterest-paint-performance-case-study/}
}

%[22.5] http://benchmarkjs.com/docs
@online{BenchmarkJSDocs,
	author = {{Mathias Bynens, John-David Dalton}},
	title = {Benchmark.js Dokumentation},
	urldate = {2015-05-19},
	url = {http://benchmarkjs.com/docs}
}

%[22.6] http://monsur.hossa.in/2012/12/11/benchmarkjs.html
@online{BenchmarkJSHowItWorks,
	author = {Hossain, Monsur},
	title = {benchmark.js: how it works},
	urldate = {2015-05-19},
	url = {http://monsur.hossa.in/2012/12/11/benchmarkjs.html}
}

%[23] https://mathiasbynens.be/notes/javascript-benchmarking
@online{BulletproofJavaScriptBenchmarks,
	author = {Bynens, Mathias},
	title = {Bulletproof JavaScript benchmarks},
	urldate = {2015-05-19},
	date = {2010-12-23},
	url = {https://mathiasbynens.be/notes/javascript-benchmarking}
}

%[24] http://ejohn.org/blog/javascript-benchmark-quality/ 
@online{JSBenchmarkQuality,
	author = {Resig, John},
	title = {JavaScript Benchmark Quality},
	urldate = {2015-05-19},
	date = {2008-09-06},
	url = {http://ejohn.org/blog/javascript-benchmark-quality/}
}

%[25] http://www.smashingmagazine.com/2012/11/05/writing-fast-memory-efficient-javascript/
@online{WritingMemoryEfficientJavaScript,
	author = {Osmani, Addy},
	title = {Writing Fast, Memory-Efficient JavaScript},
	urldate = {2015-05-19},
	date = {2012-11-05},
	url = {http://www.smashingmagazine.com/2012/11/05/writing-fast-memory-efficient-javascript/}
}

%[27] http://blog.chromium.org/2012/05/better-code-optimization-decisions-for.html
@online{ChromiumCodeOptimizations,
	author = {Kummerow, Jakob},
	organisation = {Google},
	title = {Better code optimization decisions for V8},
	urldate = {2015-05-19},
	date = {2012-05-01},
	url = {http://blog.chromium.org/2012/05/better-code-optimization-decisions-for.html}
}

%[28] http://benchmarkjs.com/
@online{BenchmarkJS,
	author = {{Mathias Bynens, John-David Dalton}},
	title = {BenchmarkJS},
	urldate = {2015-05-19},
	url = {http://benchmarkjs.com/}
}

%[30] https://docs.angularjs.org/guide/databinding
@online{AngularJSDataBinding,
	author = {AngularJS},
	organisation = {Google},
	title = {Data Binding},
	urldate = {2015-05-19},
	url = {https://docs.angularjs.org/guide/databinding}
}

%[31] http://staal.io/blog/2014/02/05/2-way-data-binding-under-the-microscope/
@online{SBDataBinding,
	author = {Staal, Boris},
	title = {2-Way Data Binding under the Microscope},
	urldate = {2015-05-19},
	date = {2014-02-05},
	url = {http://staal.io/blog/2014/02/05/2-way-data-binding-under-the-microscope/}
}

%[32] http://www.sitepoint.com/understanding-angulars-apply-digest/
@online{PSApplyDigest,
	author = {Panda, Sandeep},
	title = {Understanding Angular‚Äôs $apply() and $digest()},
	urldate = {2015-05-19},
	date = {2014-05-07},
	url = {http://www.sitepoint.com/understanding-angulars-apply-digest/}
}

%[33] https://github.com/angular/angular.js/wiki/Understanding-Scopes
@online{AJSScopes,
	author = {AngularJS},
	organisation = {Google},
	title = {Understanding Scopes},
	urldate = {2015-05-19},
	date = {2014-12-22},
	url = {https://github.com/angular/angular.js/wiki/Understanding-Scopes}
}

%[34] https://github.com/Pasvaz/bindonce
@online{Bindonce,
	author = {Vazzana, Pasquale},
	title = {Github: High performance binding for AngularJs},
	urldate = {2015-05-19},
	url = {https://github.com/Pasvaz/bindonce}
}

%[35] https://angularjs.de/blog/angularjs-one-time-binding
@online{AJSOneTimeBinding,
	author = {Potthof, Tilman},
	organisation = {Google},
	title = {AngularJS 1.3 Performance - Einmaliges (One-Time) Databinding},
	urldate = {2015-05-19},
	url = {https://angularjs.de/blog/angularjs-one-time-binding}
}

@online{AJSDI,
	author = {AngularJS},
	organisation = {Google},
	title = {Dependency Injection},
	urldate = {2015-05-19},
	url = {https://docs.angularjs.org/guide/di}
}

@online{WebComponents,
	author = {{Dominic Cooney, Dimitri Glazkov}},
	organisation = {W3C},
	title = {Introduction to Web Components},
	urldate = {2015-05-19},
	date = {2013-06-06},
	url = {http://www.w3.org/TR/2013/WD-components-intro-20130606/}
}

@online{WebComponentsStandards,
	author = {W3C},
	title = {WEB COMPONENTS},
	urldate = {2015-05-19},
	url = {http://www.w3.org/standards/techs/components#w3c_all}
}

@online{WebComponentsVerfuegbarkeit,
	author = {Rimmer, Jon},
	title = {Are We Componentized Yet?},
	urldate = {2015-05-19},
	url = {http://jonrimmer.github.io/are-we-componentized-yet/}
}

@online{AJSCompileAndLink,
	author = {Google},
	title = {HTML Compiler},
	urldate = {2015-05-19},
	url = {https://docs.angularjs.org/guide/compiler}
}

@online{AJSDirectives,
	author = {Google},
	title = {Creating Custom Directives},
	urldate = {2015-05-19},
	url = {https://docs.angularjs.org/guide/directive}
}

@online{AJSNGInclude,
	author = {Google},
	title = {ngInclude},
	urldate = {2015-05-19},
	url = {https://docs.angularjs.org/api/ng/directive/ngInclude}
}

% [40] http://wiki.commonjs.org/wiki/Promises
@online{CommonJSPromises,
	author = {Google},
	title = {ngInclude},
	urldate = {2015-05-19},
	url = {http://wiki.commonjs.org/wiki/Promises}
}

% [41] http://www.johnpapa.net/route-resolve-and-controller-activate-in-angularjs/
@online{JohnPapaResolveActivate,
	author = {Papa, John},
	title = {Route Resolve and Controller Activate in AngularJS},
	urldate = {2015-05-19},
	date = {2014-12-27},
	url = {http://www.johnpapa.net/route-resolve-and-controller-activate-in-angularjs/}
}

% https://docs.angularjs.org/api/ng/directive/ngIf
@online{AJSNGIF,
	author = {AngularJS},
	organisation = {Google},
	title = {ngIf},
	urldate = {2015-05-19},
	url = {https://docs.angularjs.org/api/ng/directive/ngIf}
}

% https://docs.angularjs.org/api/ng/directive/ngIf
@online{AJSNGSHOW,
	author = {AngularJS},
	organisation = {Google},
	title = {ngShow},
	urldate = {2015-05-19},
	url = {https://docs.angularjs.org/api/ng/directive/ngShow}
}

% https://docs.angularjs.org/guide/filter
@online{AJSFilter,
	author = {AngularJS},
	organisation = {Google},
	title = {Filter},
	urldate = {2015-05-19},
	url = {https://docs.angularjs.org/guide/filter}
}

%https://info.dynatrace.com/rs/compuware/images/Mobile_App_Survey_Report.pdf
%http://searchenginewatch.com/sew/opinion/2299176/why-users-delete-your-mobile-app
@online{BNSF,
	author = {Nadel, Ben},
	title = {Stateless Filters Don't Apply To Objects, Arrays, or ngRepeat In AngularJS 1.3},
	urldate = {2015-05-19},
	date = {2015-01-20},
	url = {http://www.bennadel.com/blog/2766-stateless-filters-don-t-apply-to-objects-arrays-or-ngrepeat-in-angularjs-1-3.htm}
}

@BOOK{Liu2011,
	AUTHOR = {Liu, Yukun AND Yue, Yong AND Guo, Liwei},
	YEAR = {2011},
	TITLE = {UNIX Operating System - The Development Tutorial via UNIX Kernel Services},
	EDITION = {1. Aufl.},
	ISBN = {978-3-642-20432-6},
	PUBLISHER = {Springer Science \& Business Media},
	ADDRESS = {Berlin Heidelberg}
}

@online{APIGEE,
	author = {Jager, Martha},
	organisation = {Apigee},
	title = {Users Reveal Top Frustrations that Lead to Bad Mobile App Reviews},
	urldate = {2015-05-19},
	date = {2012-11-09},
	url = {https://blog.apigee.com/detail/users_reveal_top_frustrations_that_lead_to_bad_mobile_app_reviews_infographic}
}

%
@online{AJS20,
	author = {Green, Brad},
	organisation = {Google},
	title = {AngularJS 2.0},
	urldate = {2015-06-16},
	date = {2015-03-18},
	url = {http://angularjs.blogspot.de/2014/03/angular-20.html}
}